
@inproceedings{tdenton-icpr2004,
  author = {Trip Denton and M. Fatih Demirci and Jeff Abrahamson and Ali Shokoufandeh and Sven Dickinson},
  title = {Selecting Canonical Views for View-Based 3{D} Object Recognition},
  booktitle = {Proceedings of the 17th IAPR International Conference on Pattern Recognition {(ICPR04)}},
  year = {2004},
  month = {August},
  key = {},
  pages = {273--276}
}

@inproceedings{tdenton-emmcvpr2005,
  author = {John Novatnack and Trip Denton and Ali Shokoufandeh and Lars Bretzner},
  title = {Stable Bounded Canonical Sets and Image Matching},
  booktitle = {Proceedings of the Fifth International Workshop on Energy Minimization Methods in Computer Vision and Pattern Recognition (EMMCVPR)},
  year = {2005},
  month = {November},
  key = {},
  pages = {316--331}
}
                      
@inproceedings{tdenton-cvpr2004,
  author = {Trip Denton and Jeff Abrahamson and Ali Shokoufandeh},
  title = {Approximation of Canonical Sets and Their Application to 2{D} View Simplification},
  booktitle = {Proceedings of the IEEE Computer Society Conference on Computer Vision and Pattern Recognition {(CVPR04)}},
  year = {2004},
  month = {June},
  key = {},
  volume = {2},
  pages = {550--557}
}


@inproceedings{tdenton-scalespace2007,
  author = {Frans Kanters and Trip Denton and Ali Shokoufandeh and Luc Florack},
  title = {Combining Different Types of Scale Space Interest Points using Canonical Sets},
  booktitle = {Proceedings of the First International Conference on Scale Space Methods and Variational Methods in Computer Vision},
  year = {2007},
  address = {Ischia, Italy},
  month = {June}
}

@inproceedings{tdenton-cvpr2007,
  author = {Trip Denton and Frans Kanters and  Ali Shokoufandeh and Luc Florack},
  title = {Image Reconstruction with Canonical Subsets of Multiple Types of Scale Space Interest Points},
  booktitle = {Proceedings of the IEEE Computer Society Conference on Computer Vision and Pattern Recognition {(CVPR07)}},
  address = {Minneapolis, Minnesota},
  year = {2007},
  month = {June}
}


@inproceedings{tdenton-icpc2006,
  author = {Jay Kothari and Trip Denton and Spiros Mancoridis and Ali Shokoufandeh and Ahmed E. Hassan},
  title = {Studying the Evolution of Software Systems Using Change Clusters},
  booktitle = {Proceedings of the International Conference on Program Comprehension (ICPC 2006)},
  year = {2006},
  month = {June},
  location = {Athens, Greece},
  key = {},
  pages = {}
}

@inproceedings{tdenton-wcre2006,
  author = {Jay Kothari and Trip Denton and Spiros Mancoridis and Ali Shokoufandeh},
  title = {On Computing the Canonical Features of Software Systems},
  booktitle = {Proceedings of the 13th Working Conference on Reverse Engineering {(WCRE)}},
  year = {2006},
  month = { October},
  key = {},
  pages = {}
}

@inproceedings{tdenton-bio1-2006,
  author = {Connie Gomez and Trip Denton and Ali Shokoufandeh and Wei Sun},
  title = {Multi-Parameter Optimization for Two-Phase Unit-Cell based Tissue Scaffolds},
  booktitle = {Proceedings of 32nd Annual Northeast Bioengineering Conference of the IEEE Engineering in Medicine and Biology},
  address = {Easton, PA},
  year = {2006},
  month = { April}
}

@inproceedings{tdenton-bio2-2006,
  author = {Xun Zhou and Connie Gomez and Trip Denton and Ali Shokoufandeh and Wei Sun},
  title = {Data Exchange for Unit-Cell Based Tissue Scaffold Design, Analysis and Fabrication},
  booktitle = {Proceedings of 32nd Annual Northeast Bioengineering Conference of the IEEE Engineering in Medicine and Biology},
  address = {Easton, PA},
  year = {2006},
  month = { April}
}


@techreport{tdenton-DU-2005,
  author = {Trip Denton and John Novatnack and Ali Shokoufandeh},
  title = {{D}rexel {O}bject {O}cclusion {R}epository ({DOOR})},
  institution = {Drexel University, Computer Science Department},
  number = {DU-CS-05-08},
  year = {2005}
}


@inproceedings{tdenton-icsm2005,
  author = {Maher Salah and Trip Denton and Spiros Mancoridis and Ali Shokoufandeh and Filippos I. Vokolos},
  title = {Scenariographer: A Tool for Reverse Engineering Class Usage Scenarios from Method Invocation Sequences},
  booktitle = {IEEE  Proceedings of the 2005 International Conference on Software Maintenance (ICSM'05)},
  address = {Budapest, Hungary},
  year = {2005},
  month = {September}
}

@article{tdenton-jss2005,
  author = {Ali Shokoufandeh and Spiros Mancoridis and Trip Denton and Matthew Maycock},
  title = {Spectral and Meta-heuristic Algorithms for Software Clustering},
  journal = {Elsevier  Journal of Systems and Software},
  year = {2005},
  volume = {77},
  pages = {213--223}
}


@inproceedings{tdenton-icpc2007,
  author = {Jay Kothari and Trip Denton and Ali Shokoufandeh and Spiros Mancoridis},
  title = {Reducing Program Comprehension Effort in Evolving Software by Recognizing Feature Implementation Convergence},
  booktitle = {Proceedings of the 15th IEEE Conference on Program Comprehension {(ICPC)}},
  address = {Banff, Canada},
  year = {2007},
  month = {June},
  key = {},
  pages = {}
}

@article{tdenton-iccv2007,
  author = {Trip Denton and Frans Kanters and Ali Shokoufandeh and Luc Florack},
  title = {Image Reconstruction with Canonical Subsets of Multiple Types of Scale Space Interest Points},
  journal = {IEEE Transactions on Pattern Analysis and Machine Intelligence},
  note = {Under review}
}


@article{tdenton-pami2007,
  author = {Trip Denton and John Novatnack and Ali Shokoufandeh and Ko Nishino},
  title = {Canonical Subsets of Image Features},
  journal = {Eleventh IEEE International Conference on Computer Vision},
  note = {Under review}
}



